<record><leader>00000cas a22000007a 4500</leader><controlfield tag="001">15302175</controlfield><controlfield tag="008">870311d19031926inudn ne      0    0eng d</controlfield><datafield ind1=" " ind2=" " tag="010"><subfield code="a">sn 87055444 </subfield></datafield><datafield ind1=" " ind2=" " tag="040"><subfield code="a">NPI</subfield><subfield code="b">eng</subfield><subfield code="c">NPI</subfield><subfield code="d">OCLCQ</subfield></datafield><datafield ind1=" " ind2=" " tag="042"><subfield code="a">msc</subfield></datafield><datafield ind1="0" ind2="0" tag="245"><subfield code="a">Wabash daily times-star.</subfield></datafield><datafield ind1=" " ind2=" " tag="260"><subfield code="a">Wabash, Ind. :</subfield><subfield code="b">W.H. Sharpe,</subfield><subfield code="c">1903-</subfield></datafield><datafield ind1=" " ind2=" " tag="310"><subfield code="a">Daily (except Sun.)</subfield></datafield><datafield ind1="0" ind2=" " tag="362"><subfield code="a">Vol. 7, no. 99 (Feb. 10, 1903)-</subfield></datafield><datafield ind1="1" ind2=" " tag="362"><subfield code="a">Ceased with Feb. 27, 1926 issue.</subfield></datafield><datafield ind1=" " ind2=" " tag="580"><subfield code="a">Also published in a weekly ed. called: The Wabash times-star.</subfield></datafield><datafield ind1=" " ind2=" " tag="752"><subfield code="a">United States</subfield><subfield code="b">Indiana</subfield><subfield code="c">Wabash</subfield><subfield code="d">Wabash.</subfield></datafield><datafield ind1="1" ind2=" " tag="775"><subfield code="t">Wabash times-star</subfield><subfield code="w">(DLC)sn 87055447</subfield></datafield><datafield ind1="0" ind2="0" tag="780"><subfield code="t">Wabash daily times</subfield><subfield code="w">(DLC)sn 87055467</subfield></datafield><datafield ind1="0" ind2="7" tag="785"><subfield code="t">Wabash plain dealer (Wabash, Ind. : 1916 : Daily)</subfield><subfield code="w">(DLC)sn 87055468</subfield></datafield><datafield ind1="0" ind2="7" tag="785"><subfield code="t">Wabash plain dealer, and times-star</subfield><subfield code="w">(DLC)sn 87055469</subfield></datafield></record>